@inproceedings{Pfaff2017,
	author = {Raphael Pfaff},
	title = {Modeling of braking curves: White, grey and black box approaches},
	booktitle = {Transrail Connection},
	year = {2017},
	note = {DOI 10.13140/RG.2.2.15146.72640}
}

@inproceedings{Pfaff2017a,
	author = {Raphael Pfaff},
	title = {Analysis of big data streams to obtain braking reliability information for train protection systems},
	booktitle = {Asia Pacific Conference of the Prognostics and Health Management Society},
	address = {Jeju, Korea},
	year = {2017}
}

@article{Enning2017,
	author = {Manfred Enning and Raphael Pfaff},
	title = {{Güterwagen 4.0 - Der Güterwagen für das Internet der Dinge. Teil 1: Gesamtsystembetrachtung und grundlegendes Konzept}},
	journal = {ETR --- Eisenbahntechnische Rundschau},
	year = {2017},
	volume = {66},
	pages = {12--16},
	note = {ISSN 0013-2845}
}

@book{Wende2003,
	author = {Dietrich Wende},
	title = {Fahrdynamik des Schienenverkehrs},
	year = {2003},
	publisher = {Vieweg+Teubner},
	address = {Wiesbaden},
	note = {DOI 10.1007/978-3-322-82961-0}
}

@article{Bosso2006,
	author = {N.~Bosso and A.~Gugliotta and A.~Som\`{a}},
	title = {Design and simulation of railway vehicles
	braking operation using a scaled roller-rig},
	journal = {WIT Transactions on The Built Environment},
	year = {2006},
	volume = {88},
	pages = {869--883},
	note = {DOI 10.2495/CR060851},
}

@inproceedings{Havryliuk2017,
	title={An overview of the {ETCS} braking curves},
	author={Volodymyr I. Havryliuk},
	year={2017},
	note={DOI 10.15802/ecsrt2017/136811}
}

@incollection{Cruceanu2012,
	author = {Catalin Cruceanu},
	title = {Train braking},
	booktitle = {Reliability and Safety in Railway},
	editor = {Xavier Perpinya},
	note = {DOI 10.5772/2660},
	publisher = {Intech Open},
	pages = {30--74},
	year = {2012}
}

@online{Pfaff2019,
	  author = {Raphael Pfaff},
	  title = {IHHA Wagon 4.0},
	  year = {2019},
	  url = {https://github.com/RailProfAC/19_IHHA_Wagon40},
	  urldate = {2020-08-09}
}

